@article{stebbins1957,
  title = {Self Fertilization and Population Variability in the Higher Plants},
  author = {Stebbins, G Ledyard},
  journal = {The American Naturalist},
  volume = {91},
  number = {861},
  pages = {337--354},
  year = {1957},
}
